@misc{CDIN:Roteiro1,
author = {Lélio Ribeiro Soares Júnior},
title = {Roteiro para o Experimento 1 - Erro em Regime Permanente e Tipo do Sistema },
month = apr,
year = {2018},
url = {http://www.ene.unb.br/adolfo/Lectures/LabCDin/LabCDin1.pdf}
}

@book{Nise:ControlSistemsEngineering,
 author = {Nise, Norman S.},
 title = {Control Systems Engineering},
 year = {2000},
 isbn = {0471366013},
 edition = {3rd},
 publisher = {John Wiley \& Sons, Inc.},
 address = {New York, NY, USA},
}

@book{ogata2003engenharia,
  title={Engenharia de controle moderno},
  author={Ogata, Katsuhiko and Maya, Paulo {\'A}lvaro and Leonardi, Fabrizio},
  year={2003},
  publisher={Prentice Hall}
}

@TechReport{Moler:1980:MATLAB,
  author =       "Cleve B. Moler",
  title =        "{MATLAB} --- An Interactive Matrix Laboratory",
  type =         "Technical Report",
  number =       "369",
  institution =  "University of New Mexico. Dept. of Computer Science",
  year =         "1980",
  bibdate =      "Fri Aug 12 01:31:51 1994",
  bibsource =    "http://www.math.utah.edu/pub/tex/bib/matlab.bib",
  keywords =     "nla, software",
}

@Book{Grace:1992:MATLAB_Control_Toolbox,
  author =       "Andrew Grace",
  title =        "Control System Toolbox for use with {MATLAB}: User's            Guide",
  month =        jul,
  year =         "1992",
  LCCN =         "QA188 .C66 1992",
  bibdate =      "Fri Jun 11 06:43:28 1999",
  bibsource =    "http://www.math.utah.edu/pub/tex/bib/matlab.bib",
  acknowledgement = ack-nhfb,
}

@book{westwick2003identification,
  title={Identification of nonlinear physiological systems},
  author={Westwick, David T and Kearney, Robert E},
  volume={7},
  year={2003},
  publisher={John Wiley \& Sons}
}

@misc{Quaser:QUARC,
author = {Quaser Inc.},
title = {QUARC User Guide Accessing Hardware},
month = apr,
year = {2012},
url = {http://www.quanser.com/Products/quarc/documentation/quarc\_hardware\_access.html}
}

@misc{DCMOTOR:Michigan,
author = {University of Michigan CTMS},
title = {DC Motor Speed: System Modeling},
month = may,
year = {2017},
url = {http://ctms.engin.umich.edu/CTMS/index.php?example=MotorSpeed&section=SystemModeling}
}

@manual{quanser:manual,
    organization  = "Quaser Inc.",
    title         = "USER MANUAL IP02 Base Unit Experiment",
    year          =  2012,
}

@manual{quanser:guide,
    organization  = "Quaser Inc.",
    title         = "LINEAR SERVO CONTROL LAB",
    year          =  2012,
}
